@article{huang2022value,
  title={The value of price discrimination in large social networks},
  author={Huang, Jiali and Mani, Ankur and Wang, Zizhuo},
  journal={Management Science},
  volume={68},
  number={6},
  pages={4454--4477},
  year={2022},
  publisher={INFORMS}
}


@article{candogan2012optimal,
  title={Optimal pricing in networks with externalities},
  author={Candogan, Ozan and Bimpikis, Kostas and Ozdaglar, Asuman},
  journal={Operations Research},
  volume={60},
  number={4},
  pages={883--905},
  year={2012},
  publisher={INFORMS}
}

@article{fainmesser2016pricing,
  title={Pricing network effects},
  author={Fainmesser, Itay P and Galeotti, Andrea},
  journal={The Review of Economic Studies},
  volume={83},
  number={1},
  pages={165--198},
  year={2016},
  publisher={Oxford University Press}
}

@article{bloch2013pricing,
  title={Pricing in social networks},
  author={Bloch, Francis and Qu{\'e}rou, Nicolas},
  journal={Games and economic behavior},
  volume={80},
  pages={243--261},
  year={2013},
  publisher={Elsevier}
}
